<record><leader>00000cas a22000007a 4500</leader><controlfield tag="001">12824352</controlfield><controlfield tag="008">851120d18471851scudn ne      0    0eng  </controlfield><datafield ind1=" " ind2=" " tag="010"><subfield code="a">sn 85042742 </subfield></datafield><datafield ind1=" " ind2=" " tag="040"><subfield code="a">DLC</subfield><subfield code="b">eng</subfield><subfield code="c">DLC</subfield><subfield code="d">SVN</subfield><subfield code="d">CNK</subfield><subfield code="d">OCL</subfield><subfield code="d">OCLCO</subfield><subfield code="d">OCLCQ</subfield><subfield code="d">OCLCF</subfield><subfield code="d">NDD</subfield></datafield><datafield ind1=" " ind2=" " tag="042"><subfield code="a">msc</subfield></datafield><datafield ind1=" " ind2=" " tag="043"><subfield code="a">n-us-sc</subfield></datafield><datafield ind1="0" ind2="0" tag="050"><subfield code="a">Newspaper 9694-X</subfield></datafield><datafield ind1="0" ind2=" " tag="130"><subfield code="a">Daily telegraph (Columbia, S.C.)</subfield></datafield><datafield ind1="1" ind2="4" tag="245"><subfield code="a">The daily telegraph.</subfield></datafield><datafield ind1="1" ind2="7" tag="246"><subfield code="a">Telegraph</subfield></datafield><datafield ind1=" " ind2=" " tag="260"><subfield code="a">Columbia, S.C. :</subfield><subfield code="b">Edward Sill &amp; John Stubs</subfield></datafield><datafield ind1=" " ind2=" " tag="300"><subfield code="a">v. ;</subfield><subfield code="c">54 cm.</subfield></datafield><datafield ind1=" " ind2=" " tag="310"><subfield code="a">Daily (except Sun.)</subfield></datafield><datafield ind1="1" ind2=" " tag="362"><subfield code="a">Began in Oct. 1847; ceased in July 1851.</subfield><subfield code="z">Moore, South Carolina newspapers.</subfield></datafield><datafield ind1=" " ind2=" " tag="580"><subfield code="a">Also published in tri-weekly ed. called: Telegraph.</subfield></datafield><datafield ind1=" " ind2=" " tag="588"><subfield code="a">Description based on: Vol. 1, no. 2 (Oct. 19, 1847).</subfield></datafield><datafield ind1=" " ind2="0" tag="651"><subfield code="a">Richland County (S.C.)</subfield><subfield code="v">Newspapers.</subfield></datafield><datafield ind1=" " ind2="0" tag="651"><subfield code="a">Columbia (S.C.)</subfield><subfield code="v">Newspapers.</subfield></datafield><datafield ind1=" " ind2="7" tag="651"><subfield code="a">South Carolina</subfield><subfield code="z">Columbia.</subfield><subfield code="2">fast</subfield><subfield code="0">(OCoLC)fst01206785</subfield></datafield><datafield ind1=" " ind2="7" tag="651"><subfield code="a">South Carolina</subfield><subfield code="z">Richland County.</subfield><subfield code="2">fast</subfield><subfield code="0">(OCoLC)fst01206357</subfield></datafield><datafield ind1=" " ind2="7" tag="655"><subfield code="a">Newspapers.</subfield><subfield code="2">fast</subfield><subfield code="0">(OCoLC)fst01423814</subfield></datafield><datafield ind1=" " ind2=" " tag="752"><subfield code="a">United States</subfield><subfield code="b">South Carolina</subfield><subfield code="c">Richland</subfield><subfield code="d">Columbia.</subfield></datafield><datafield ind1="1" ind2=" " tag="775"><subfield code="t">Telegraph (Columbia, S.C.)</subfield><subfield code="w">(DLC)sn 92065735</subfield><subfield code="w">(OCoLC)27212439</subfield></datafield><datafield ind1="0" ind2="5" tag="785"><subfield code="t">South-Carolinian (Columbia, S.C. : 1838)</subfield><subfield code="w">(DLC)sn 83025759</subfield><subfield code="w">(OCoLC)9776518</subfield></datafield><datafield ind1="1" ind2=" " tag="029"><subfield code="a">AU@</subfield><subfield code="b">000025823823</subfield></datafield></record>